
    <zs:record>
      <zs:recordSchema/>
      <zs:recordPacking>xml</zs:recordPacking>
      <zs:recordData>
        <record xmlns="http://www.loc.gov/MARC21/slim">
          <leader>01156pam a2200289 a 4500</leader>
          <controlfield tag="001">2068999</controlfield>
          <controlfield tag="005">19940826084147.2</controlfield>
          <controlfield tag="008">940614r1994    ne a     b    100 0 eng  </controlfield>
          <datafield tag="035" ind1=" " ind2=" ">
            <subfield code="9">(DLC)   94022249</subfield>
          </datafield>
          <datafield tag="906" ind1=" " ind2=" ">
            <subfield code="a">7</subfield>
            <subfield code="b">cbc</subfield>
            <subfield code="c">orignew</subfield>
            <subfield code="d">1</subfield>
            <subfield code="e">ocip</subfield>
            <subfield code="f">19</subfield>
            <subfield code="g">y-gencatlg</subfield>
          </datafield>
          <datafield tag="955" ind1=" " ind2=" ">
            <subfield code="a">pc03 to ja00 06-14-94; je39 06-16-94; je08 15Jun94; je10 06-16-94; aa0706-16-94; CIP ver. pv06 08-26-94</subfield>
          </datafield>
          <datafield tag="010" ind1=" " ind2=" ">
            <subfield code="a">   94022249 </subfield>
          </datafield>
          <datafield tag="020" ind1=" " ind2=" ">
            <subfield code="a">0792329929 (alk. paper)</subfield>
          </datafield>
          <datafield tag="040" ind1=" " ind2=" ">
            <subfield code="a">DLC</subfield>
            <subfield code="c">DLC</subfield>
            <subfield code="d">DLC</subfield>
          </datafield>
          <datafield tag="050" ind1="0" ind2="0">
            <subfield code="a">QB460</subfield>
            <subfield code="b">.K55 1994</subfield>
          </datafield>
          <datafield tag="082" ind1="0" ind2="0">
            <subfield code="a">523.01</subfield>
            <subfield code="2">20</subfield>
          </datafield>
          <datafield tag="245" ind1="0" ind2="0">
            <subfield code="a">Kinematics and dynamics of diffuse astrophysical media /</subfield>
            <subfield code="c">edited by J.E. Dyson and E.B. Carling.</subfield>
          </datafield>
          <datafield tag="260" ind1=" " ind2=" ">
            <subfield code="a">Dordrecht ;</subfield>
            <subfield code="a">Boston :</subfield>
            <subfield code="b">Kluwer Academic,</subfield>
            <subfield code="c">c1994.</subfield>
          </datafield>
          <datafield tag="300" ind1=" " ind2=" ">
            <subfield code="a">xii, 401 p. :</subfield>
            <subfield code="b">ill. ;</subfield>
            <subfield code="c">25 cm.</subfield>
          </datafield>
          <datafield tag="500" ind1=" " ind2=" ">
            <subfield code="a">"Reprinted from Astrophysics and space science, volume 216, nos. 1-2, 1994."</subfield>
          </datafield>
          <datafield tag="504" ind1=" " ind2=" ">
            <subfield code="a">Includes bibliographical references.</subfield>
          </datafield>
          <datafield tag="650" ind1=" " ind2="0">
            <subfield code="a">Astrophysics</subfield>
            <subfield code="x">Congresses.</subfield>
          </datafield>
          <datafield tag="650" ind1=" " ind2="0">
            <subfield code="a">Diffusion</subfield>
            <subfield code="x">Congresses.</subfield>
          </datafield>
          <datafield tag="650" ind1=" " ind2="0">
            <subfield code="a">Hydrodynamics</subfield>
            <subfield code="x">Congresses.</subfield>
          </datafield>
          <datafield tag="700" ind1="1" ind2=" ">
            <subfield code="a">Dyson, J. E.</subfield>
            <subfield code="q">(John Edward),</subfield>
            <subfield code="d">1941-</subfield>
          </datafield>
          <datafield tag="700" ind1="1" ind2=" ">
            <subfield code="a">Carling, Ellen B.,</subfield>
            <subfield code="d">1933-</subfield>
          </datafield>
          <datafield tag="991" ind1=" " ind2=" ">
            <subfield code="b">c-GenColl</subfield>
            <subfield code="h">QB460</subfield>
            <subfield code="i">.K55 1994</subfield>
            <subfield code="p">00035356678</subfield>
            <subfield code="t">Copy 1</subfield>
            <subfield code="w">BOOKS</subfield>
          </datafield>
        </record>
      </zs:recordData>
      <zs:recordPosition>3</zs:recordPosition>
    </zs:record>